[gd_scene load_steps=5 format=2]

[ext_resource path="res://Scripts/Game.gd" type="Script" id=1]
[ext_resource path="res://Scenes/VausLive.tscn" type="PackedScene" id=3]

[sub_resource type="DynamicFontData" id=1]
antialiased = false
hinting = 0
font_path = "res://TTF/ARCADE_N.TTF"

[sub_resource type="DynamicFont" id=2]
size = 6
extra_spacing_char = 1
font_data = SubResource( 1 )

[node name="Game" type="Node2D"]
script = ExtResource( 1 )

[node name="Levels" type="Node2D" parent="."]

[node name="HUD" type="Node" parent="."]

[node name="Lives" type="Node" parent="HUD"]

[node name="VausLive1" parent="HUD/Lives" instance=ExtResource( 3 )]
position = Vector2( 29, 258 )

[node name="VausLive2" parent="HUD/Lives" instance=ExtResource( 3 )]
position = Vector2( 48, 258 )

[node name="VausLive3" parent="HUD/Lives" instance=ExtResource( 3 )]
position = Vector2( 67, 258 )

[node name="Score" type="Label" parent="HUD"]
margin_left = 17.0
margin_top = 9.0
margin_right = 54.0
margin_bottom = 16.0
custom_fonts/font = SubResource( 2 )
text = "000000"
__meta__ = {
"_edit_use_anchors_": false
}

[node name="HighScore" type="Label" parent="HUD"]
margin_left = 85.0
margin_top = 8.0
margin_right = 122.0
margin_bottom = 15.0
custom_fonts/font = SubResource( 2 )
text = "000000"
__meta__ = {
"_edit_use_anchors_": false
}

[node name="LabelScore" type="Label" parent="HUD"]
margin_left = 71.0
margin_right = 140.0
margin_bottom = 7.0
custom_colors/font_color = Color( 0.92549, 0, 0, 1 )
custom_fonts/font = SubResource( 2 )
text = "HIGH SCORE"
__meta__ = {
"_edit_use_anchors_": false
}
